<?xml version="1.0" encoding="UTF-8"?><collection xmlns="http://www.loc.gov/MARC21/slim"><record><leader>00466nam--2200133-i-4500</leader><controlfield tag="001">000013642</controlfield><controlfield tag="002">20161230</controlfield><controlfield tag="005">20161230201030</controlfield><controlfield tag="008">060222s1000------------r-----000-0-eng-d</controlfield><datafield ind1=" " ind2=" " tag="080"><subfield code="a">546.26.162:621</subfield></datafield><datafield ind1=" " ind2=" " tag="245"><subfield code="a">Science and technology of industrial doamonds proceedings of the international industrial di amond conference, oxford. vol.ii: technology</subfield></datafield><datafield ind1=" " ind2=" " tag="260"><subfield code="a">London, Industrial Diamond Information Bureau, /1967/ Vii + 392 P</subfield></datafield><datafield ind1=" " ind2=" " tag="700"><subfield code="a">Burls, John</subfield></datafield><datafield ind1=" " ind2=" " tag="852"><subfield code="a">49137</subfield></datafield></record></collection>